<?xml version="1.0" encoding="UTF-8"?><collection xmlns="http://www.loc.gov/MARC21/slim"><record><leader>00510nam--2200169-i-4500</leader><controlfield tag="001">000001364</controlfield><controlfield tag="002">20161230</controlfield><controlfield tag="005">20161230201024</controlfield><controlfield tag="008">060222s1000------------r-----000-0-ger-d</controlfield><datafield ind1=" " ind2=" " tag="041"><subfield code="a">IFIN-HH</subfield></datafield><datafield ind1=" " ind2=" " tag="080"><subfield code="a">536.48(043)</subfield></datafield><datafield ind1="1" ind2=" " tag="100"><subfield code="a">Frank, Dierk</subfield></datafield><datafield ind1="1" ind2="0" tag="245"><subfield code="a">Der einfulss raumlischer begrenzungen auf die warmeleitung in 4he nahe der l -linie</subfield><subfield code="b">Dissertation</subfield><subfield code="c">Dierk frank</subfield></datafield><datafield ind1=" " ind2=" " tag="260"><subfield code="a">Aachen</subfield><subfield code="b">Rheinisch-westfalischen Technischen</subfield><subfield code="c">1989</subfield></datafield><datafield ind1=" " ind2=" " tag="300"><subfield code="a">183 P</subfield></datafield><datafield ind1=" " ind2=" " tag="852"><subfield code="a">79270</subfield><subfield code="c">536</subfield></datafield><datafield ind1=" " ind2=" " tag="CAT"><subfield code="a">Sys</subfield><subfield code="c">20110512</subfield><subfield code="h">105605</subfield></datafield></record></collection>